<record><leader>00000cas a22000007a 4500</leader><controlfield tag="001">12153505</controlfield><controlfield tag="008">850613d18701872wiuwr ne      0    0eng d</controlfield><datafield ind1=" " ind2=" " tag="010"><subfield code="a">sn 85040808 </subfield></datafield><datafield ind1=" " ind2=" " tag="040"><subfield code="a">NPV</subfield><subfield code="b">eng</subfield><subfield code="c">NPV</subfield><subfield code="d">OCL</subfield><subfield code="d">OCLCQ</subfield></datafield><datafield ind1=" " ind2=" " tag="042"><subfield code="a">msc</subfield></datafield><datafield ind1=" " ind2=" " tag="045"><subfield code="a">w7w7</subfield></datafield><datafield ind1=" " ind2=" " tag="052"><subfield code="a">4123</subfield><subfield code="b">C6</subfield></datafield><datafield ind1="0" ind2=" " tag="130"><subfield code="a">Mirror (Wisconsin Dells, Wis.)</subfield></datafield><datafield ind1="1" ind2="0" tag="245"><subfield code="a">Mirror.</subfield></datafield><datafield ind1="1" ind2="3" tag="246"><subfield code="a">Kilbourn City mirror</subfield></datafield><datafield ind1=" " ind2=" " tag="260"><subfield code="a">Kilbourn City [i.e. Wisconsin Dells], Columbia County, Wis. :</subfield><subfield code="b">Davis, Wright &amp; Davis,</subfield><subfield code="c">1870-</subfield></datafield><datafield ind1=" " ind2=" " tag="300"><subfield code="a">v.</subfield></datafield><datafield ind1=" " ind2=" " tag="310"><subfield code="a">Weekly</subfield></datafield><datafield ind1="0" ind2=" " tag="362"><subfield code="a">Vol. 3, no. 23 (Dec. 31, 1870)-</subfield></datafield><datafield ind1="1" ind2=" " tag="362"><subfield code="a">Ceased in 1871 or 1872.</subfield><subfield code="z">Cf. Oehlerts, d. Guide to Wis. newspapers.</subfield></datafield><datafield ind1=" " ind2=" " tag="500"><subfield code="a">Publisher varies.</subfield></datafield><datafield ind1=" " ind2=" " tag="500"><subfield code="a">Editors: D.L. Davis, E.B. Davis &amp; G.E. Wright, Dec. 31, 1870-April 22, 1871; D.L. &amp; E.B. Davis, April 29, 1871-&lt;Oct. 27, 1871&gt;.</subfield></datafield><datafield ind1=" " ind2=" " tag="530"><subfield code="a">Available on microfilm from The State Historical Society of Wisconsin.</subfield></datafield><datafield ind1=" " ind2=" " tag="752"><subfield code="a">United States</subfield><subfield code="b">Wisconsin</subfield><subfield code="d">Columbia</subfield><subfield code="d">Wisconsin Dells.</subfield></datafield><datafield ind1="0" ind2="0" tag="780"><subfield code="t">Kilbourn City mirror</subfield><subfield code="w">(DLC)sn 85040809</subfield></datafield><datafield ind1="0" ind2="0" tag="785"><subfield code="t">Wisconsin mirror (Wisconsin Dells, Wis. : 1871)</subfield><subfield code="w">(DLC)sn 85033116</subfield></datafield></record>